<?xml version="1.0" encoding="UTF-8"?>
<record xmlns="http://www.loc.gov/MARC21/slim" xmlns:xsi="http://www.w3.org/2001/XMLSchema-instance" xsi:schemaLocation="http://www.loc.gov/MARC21/slim http://www.loc.gov/standards/marcxml/schema/MARC21slim.xsd">
<leader>     cam a2200241 a 4500</leader>
<controlfield tag="001">001678394</controlfield>
<controlfield tag="003">NNU</controlfield>
<controlfield tag="005">20001218204746.0</controlfield>
<controlfield tag="008">900926q19501998ua       b    000 0 arar</controlfield>
<datafield tag="010" ind1=" " ind2=" ">
<subfield code="a">ne 64002889</subfield>
</datafield>
<datafield tag="035" ind1="9" ind2=" ">
<subfield code="a">NYUb12221780</subfield>
</datafield>
<datafield tag="035" ind1=" " ind2=" ">
<subfield code="a">(CStRLIN)NHDG90-B21170</subfield>
</datafield>
<datafield tag="040" ind1=" " ind2=" ">
<subfield code="a">NhD</subfield>
<subfield code="c">NhD</subfield>
</datafield>
<datafield tag="050" ind1="0" ind2=" ">
<subfield code="a">CB425</subfield>
<subfield code="b">.A6</subfield>
</datafield>
<datafield tag="100" ind1="1" ind2=" ">
<subfield code="a">ʻAqqād, ʻAbbās Maḥmūd,</subfield>
<subfield code="d">1889-1964.</subfield>
</datafield>
<datafield tag="245" ind1="1" ind2="3">
<subfield code="a">al-Qarn al-ʻishrūn :</subfield>
<subfield code="b">mā kāna wa-mā sa-yakūn /</subfield>
<subfield code="c">bi-qalam ʻAbbās Maḥmūd al-ʻAqqād.</subfield>
</datafield>
<datafield tag="260" ind1=" " ind2=" ">
<subfield code="a">[al-Qāhirah] :</subfield>
<subfield code="b">Maktabat al-Anjlū al-Miṣrīyah,</subfield>
<subfield code="c">[195-]</subfield>
</datafield>
<datafield tag="300" ind1=" " ind2=" ">
<subfield code="a">232 p. ;</subfield>
<subfield code="c">24 cm.</subfield>
</datafield>
<datafield tag="500" ind1=" " ind2=" ">
<subfield code="a">Title on t.p. verso: The Twentieth century.</subfield>
</datafield>
<datafield tag="500" ind1=" " ind2=" ">
<subfield code="a">:This book ... is in part original writing in the Arabic language, and in part is based on The next hundred years by Harrison Brown, James Bonner and John Weir; and The Twentieth century by Hans Kohn"--T.p. verso.</subfield>
</datafield>
<datafield tag="740" ind1="0" ind2="1">
<subfield code="a">Twentieth century.</subfield>
</datafield>
<datafield tag="OWN" ind1=" " ind2=" ">
<subfield code="a">GENERAL</subfield>
</datafield>
<datafield tag="950" ind1=" " ind2=" ">
<subfield code="l">BMAIN</subfield>
<subfield code="a">CB425</subfield>
<subfield code="b">.A65</subfield>
</datafield>
<datafield tag="955" ind1=" " ind2=" ">
<subfield code="l">BMAIN</subfield>
<subfield code="c">1</subfield>
<subfield code="r">028218660</subfield>
</datafield>
<datafield tag="998" ind1=" " ind2=" ">
<subfield code="s">9114</subfield>
</datafield>
<datafield tag="AVA" ind1=" " ind2=" ">
<subfield code="a">NYU50</subfield>
<subfield code="b">BOBST</subfield>
<subfield code="c">Main Collection</subfield>
<subfield code="d">CB425 .A65</subfield>
<subfield code="e">unavailable</subfield>
<subfield code="t">Unavailable</subfield>
<subfield code="f">1</subfield>
<subfield code="g">1</subfield>
<subfield code="h">N</subfield>
<subfield code="i">0</subfield>
<subfield code="j">MAIN</subfield>
<subfield code="k">0</subfield>
</datafield>
</record>
